@online{typy-aplikacji,
    author = "digitallyher.pl",
    title = "Podstawowe typy aplikacji",
    url = "https://digitallyher.pl/podstawowe-typy-aplikacji/"
}

@misc{youtube,
    title = "YouTube",
    url = "https://www.youtube.com"
}